% Optional fields: edition, number
@book{physicbook,
	author = {John W. Jewett and Raymond A. Serway},
	title = {Physics for Scientists and Engineers},
	year = {2008},
	publisher = {Thomson Learning},
	edition = {7},
	isbn = {978-12-921555-1-7},
}

% Optional fields: pages, DOI
@article{measurer,
	author = {Lars Gullev and Michael Poulsen},
	title = {The installation of meters leads to permanent changes in consumer behaviour},
	journal = {News from DBDH},
	year = {2006},
	pages = {20-24},
	DOI = {10.1080/23299460.2014.992769}
}

@techreport{rcf,
	author = {Bent Flyvbjerg},	
	title = {Reference class forecasting: Ide, metode og anvendelse},
	year = {2007},
	publisher = {IDA}
}

% Misc 1st usec ase WEBSITES - NOTICE: date of access is included inside howpublished
@misc{renostra,
	author = {Lars Larsen},
	title = {Strategi for energirenovering af bygninger},
	howpublished = {Available at \url{http://www.ens.dk/info/publikationer/strategi-energirenovering-bygninger} (23/02/2015)}
}

% Misc 2nd use case OTHER CATEGORIES
@misc{scientifictheory,
	author = {Victor Hansen},
	month = {4},
	year = {2014},
	howpublished = {Lecture in Scientific Theory}
}

@misc{deliberate_practice,
	author = {Mary Brabeck, Jill Jeffrey Sara Fry},
	month = {Unknown},
	year = {2010},
	howpublished = {Available at \url{https://www.apa.org/education/k12/practice-acquisition} (24/02/2021)}
}

@misc{attention_interest,
	author = {Judith M. Harackiewicz, Jessi L. Smith, Stacy J. Priniski},
	month = {6},
	year = {2016},
	howpublished = {Available at \url{https://www.ncbi.nlm.nih.gov/pmc/articles/PMC5839644/} (24/02/2021)}
}


@online{ScratchImagineProgram,
  title = {Scratch - {{Imagine}}, {{Program}}, {{Share}}},
  url = {https://scratch.mit.edu/},
  urldate = {2021-03-07},
  abstract = {Scratch is a free programming language and online community where you can create your own interactive stories, games, and animations.},
  langid = {american}
}


@online{ScratchImagineProgramStatistics,
  title = {Scratch - {{Imagine}}, {{Program}}, {{Share}}},
  url = {https://scratch.mit.edu/statistics/},
  urldate = {2021-03-07},
  abstract = {Make games, stories and interactive art with Scratch. (scratch.mit.edu)},
}



@article{maloneyScratchProgrammingLanguage2010,
  title = {The {{Scratch Programming Language}} and {{Environment}}},
  author = {Maloney, John and Resnick, Mitchel and Rusk, Natalie and Silverman, Brian and Eastmond, Evelyn},
  date = {2010-11},
  journaltitle = {ACM Transactions on Computing Education},
  shortjournal = {ACM Trans. Comput. Educ.},
  volume = {10},
  pages = {1--15},
  issn = {1946-6226, 1946-6226},
  doi = {10.1145/1868358.1868363},
  url = {10.1145/1868358.1868363},
  urldate = {2021-03-07},
  abstract = {Scratch is a visual programming environment that allows users (primarily ages 8 to 16) to learn computer programming while working on personally meaningful projects such as animated stories and games. A key design goal of Scratch is to support self-directed learning through tinkering and collaboration with peers. This article explores how the Scratch programming language and environment support this goal.},
  file = {C\:\\Users\\Christian\\Zotero\\storage\\RDQJ4X45\\maloney2010.pdf#view=FitH.pdf;C\:\\Users\\Christian\\Zotero\\storage\\SPTCNFGL\\Maloney et al_2010_The Scratch Programming Language and Environment.pdf;D\:\\Downloads\\Browser\\maloneyScratchProgrammingLanguage2010 - Extracted Annotations (372021, 125106 PM)The original design of Scratch was motivated by the needs and interests of.md},
  langid = {english},
  number = {4}
}



@online{CodeCombatCodingGames,
  title = {{{CodeCombat}} - {{Coding}} Games to Learn {{Python}} and {{JavaScript}}},
  url = {https://codecombat.com},
  urldate = {2021-03-07},
  abstract = {Learn typed code through a programming game. Learn Python, JavaScript, and HTML as you solve puzzles and learn to make your own coding games and websites.},
  file = {C\:\\Users\\Christian\\Zotero\\storage\\937NS52J\\home.html},
  langid = {english},
  organization = {{CodeCombat}}
}


